<record><leader>00000cas a22000007a 4500</leader><controlfield tag="001">31024305</controlfield><controlfield tag="008">940829d18961918okuwr ne      0    0eng d</controlfield><datafield ind1=" " ind2=" " tag="010"><subfield code="a">sn 94058958 </subfield></datafield><datafield ind1=" " ind2=" " tag="040"><subfield code="a">OBN</subfield><subfield code="b">eng</subfield><subfield code="c">OBN</subfield><subfield code="d">OCL</subfield><subfield code="d">OCLCQ</subfield><subfield code="d">OCLCF</subfield><subfield code="d">OCLCO</subfield></datafield><datafield ind1="1" ind2=" " tag="029"><subfield code="a">AU@</subfield><subfield code="b">000011276902</subfield></datafield><datafield ind1=" " ind2=" " tag="042"><subfield code="a">msc</subfield></datafield><datafield ind1=" " ind2=" " tag="043"><subfield code="a">n-us-ok</subfield></datafield><datafield ind1="0" ind2=" " tag="130"><subfield code="a">Grant County vidette (Pond Creek, Okla. : 1896)</subfield></datafield><datafield ind1="1" ind2="0" tag="245"><subfield code="a">Grant County vidette.</subfield></datafield><datafield ind1=" " ind2=" " tag="260"><subfield code="a">Pond Creek, Okla. :</subfield><subfield code="b">M.L. Thomas</subfield></datafield><datafield ind1=" " ind2=" " tag="300"><subfield code="a">v.</subfield></datafield><datafield ind1=" " ind2=" " tag="310"><subfield code="a">Weekly</subfield></datafield><datafield ind1="0" ind2=" " tag="362"><subfield code="a">-v. 23, no. 17 (Feb. 28, 1918).</subfield></datafield><datafield ind1="1" ind2=" " tag="362"><subfield code="a">Began in 1896.</subfield></datafield><datafield ind1=" " ind2=" " tag="580"><subfield code="a">Daily edition: Pond Creek daily vidette (1901-1905).</subfield></datafield><datafield ind1=" " ind2=" " tag="588"><subfield code="a">Description based on: Vol. 2, no. 10 (Jan. 14, 1897).</subfield></datafield><datafield ind1=" " ind2="0" tag="651"><subfield code="a">Pond Creek (Okla.)</subfield><subfield code="v">Newspapers.</subfield></datafield><datafield ind1=" " ind2="0" tag="651"><subfield code="a">Grant County (Okla.)</subfield><subfield code="v">Newspapers.</subfield></datafield><datafield ind1=" " ind2="7" tag="655"><subfield code="a">Newspapers.</subfield><subfield code="2">fast</subfield><subfield code="0">(OCoLC)fst01423814</subfield></datafield><datafield ind1=" " ind2="7" tag="651"><subfield code="a">Oklahoma</subfield><subfield code="z">Grant County.</subfield><subfield code="2">fast</subfield><subfield code="0">(OCoLC)fst01215793</subfield></datafield><datafield ind1=" " ind2="7" tag="651"><subfield code="a">Oklahoma</subfield><subfield code="z">Pond Creek.</subfield><subfield code="2">fast</subfield><subfield code="0">(OCoLC)fst01865491</subfield></datafield><datafield ind1=" " ind2=" " tag="752"><subfield code="a">United States</subfield><subfield code="b">Oklahoma</subfield><subfield code="c">Grant</subfield><subfield code="d">Pond Creek.</subfield></datafield><datafield ind1="1" ind2=" " tag="775"><subfield code="a">Pond Creek daily vidette</subfield><subfield code="w">(DLC)sn 94058957</subfield><subfield code="w">(OCoLC)31024230</subfield></datafield><datafield ind1="0" ind2="7" tag="785"><subfield code="t">Grant County news</subfield><subfield code="w">(DLC)sn 94058956</subfield><subfield code="w">(OCoLC)31024019</subfield></datafield><datafield ind1="0" ind2="7" tag="785"><subfield code="t">Vidette-news</subfield><subfield code="w">(DLC)sn 94058959</subfield><subfield code="w">(OCoLC)31024427</subfield></datafield></record>